<record><leader>00000cas a22000007a 4500</leader><controlfield tag="001">9357083</controlfield><controlfield tag="008">830329d18831884ksuwr ne      0    0eng d</controlfield><datafield ind1=" " ind2=" " tag="010"><subfield code="a">sn 83040032 </subfield></datafield><datafield ind1=" " ind2=" " tag="040"><subfield code="a">KSH</subfield><subfield code="b">eng</subfield><subfield code="c">KSH</subfield><subfield code="d">NPT</subfield><subfield code="d">OCLCQ</subfield></datafield><datafield ind1=" " ind2=" " tag="042"><subfield code="a">msc</subfield></datafield><datafield ind1=" " ind2=" " tag="043"><subfield code="a">n-us-ks</subfield></datafield><datafield ind1="0" ind2=" " tag="130"><subfield code="a">Anderson County republican (Garnett, Kan. : 1883)</subfield></datafield><datafield ind1="1" ind2="0" tag="245"><subfield code="a">Anderson County republican.</subfield></datafield><datafield ind1=" " ind2=" " tag="260"><subfield code="a">Garnett, Kan. :</subfield><subfield code="b">Republican Co.,</subfield><subfield code="c">1883-1884.</subfield></datafield><datafield ind1=" " ind2=" " tag="300"><subfield code="a">2 v. :</subfield><subfield code="b">ill. (chiefly advertisements) ;</subfield><subfield code="c">50-52 cm.</subfield></datafield><datafield ind1="0" ind2=" " tag="362"><subfield code="a">Vol. 18, no. 49 (Apr. 6, 1883)-v. 19, no. 46 (May 23, 1884).</subfield></datafield><datafield ind1=" " ind2=" " tag="500"><subfield code="a">"Republican."</subfield></datafield><datafield ind1=" " ind2=" " tag="752"><subfield code="a">United States</subfield><subfield code="b">Kansas</subfield><subfield code="c">Anderson</subfield><subfield code="d">Garnett.</subfield></datafield><datafield ind1="0" ind2="0" tag="780"><subfield code="t">Garnett plaindealer (Garnett, Kan. : 1865)</subfield><subfield code="w">(DLC)sn 83040019</subfield></datafield><datafield ind1="0" ind2="7" tag="785"><subfield code="t">Garnett plaindealer (Garnett, Kan. : 1884)</subfield><subfield code="w">(DLC)sn 83040020</subfield></datafield><datafield ind1="0" ind2="7" tag="785"><subfield code="t">Republican plaindealer</subfield><subfield code="w">(DLC)sn 83040021</subfield></datafield></record>